@misc {
    ref0,
	author={Ionic},
	title={Ionic Tutorial},
	note={Consulté le 03.10.2017},
	howpublished = "\url{https://ionicframework.com/docs/intro/tutorial/}"
}

@misc {
    ref10,
	author={Morony, Josh},
	title={Beginners Guide to Getting Started with Ionic 2},
	month={juillet},
	year={2017},
	note={Consulté le 05.10.2017},
	howpublished = "\url{https://www.joshmorony.com/beginners-guide-to-getting-started-with-ionic-2/}"
}

@misc {
    ref20,
	author={Morony, Josh},
	title={Ionic 2 First Look Series: Your First Ionic 2 App Explained},
	month={juillet},
	year={2017},
	note={Consulté le 11.10.2017},
	howpublished = "\url{https://www.joshmorony.com/ionic-2-first-look-series-your-first-ionic-2-app-explained/}"
}

@misc {
    ref21,
	author={Morony, Josh},
	title={Ionic First Look Series: Angular Concepts \& Syntax},
	month={juillet},
	year={2017},
	note={Consulté le 11.10.2017},
	howpublished = "\url{https://www.joshmorony.com/ionic-2-first-look-series-new-angular-2-concepts-syntax/}"
}

@misc {
    ref22,
	author={Morony, Josh},
	title={Intro to ECMAScript 6 and Angular 2 for Ionic 1.x Developers},
	month={juin},
	year={2017},
	note={Consulté le 11.10.2017},
	howpublished = "\url{https://www.joshmorony.com/intro-to-ecmascript-6-and-angular-2-for-ionic-developers/}"
}

@misc {
    ref23,
	author={Morony, Josh},
	title={A Simple Guide to Navigation in Ionic 2},
	month={juin},
	year={2017},
	note={Consulté le 17.10.2017},
	howpublished = "\url{https://www.joshmorony.com/a-simple-guide-to-navigation-in-ionic-2/}"
}

@misc {
    ref30,
	author={Morony, Josh},
	title={Build a Todo App from Scratch with Ionic},
	month={juillet},
	year={2017},
	note={Consulté le 14.10.2017},
	howpublished = "\url{https://www.joshmorony.com/build-a-todo-app-from-scratch-with-ionic-2-video-tutorial/}"
}

@misc {
    ref40,
	author={Traversy Media},
	title={Angular 4 In 60 Minutes},
	month={juillet},
	year={2017},
	note={Consulté le 10.10.2017},
	howpublished = "\url{https://www.youtube.com/watch?v=KhzGSHNhnbI}"
}

@misc {
    ref50,
	author={Traversy Media},
	title={Ionic 3 Mobile Weather App Build},
	month={août},
	year={2017},
	note={Consulté le 10.10.2017},
	howpublished = "\url{https://www.youtube.com/watch?v=qs2n_poLarc}"
}

@misc {
    ref60,
	title={Android Platform Guide},
	note={Consulté le 20.10.2017},
	howpublished = "\url{https://cordova.apache.org/docs/en/latest/guide/platforms/android/index.html}"
}

@misc {
    ref70,
	author={, },
	title={},
	month={},
	year={},
	note={Consulté le },
	howpublished = "\url{}"
}

@misc {
    ref,
	author={, },
	title={},
	month={},
	year={},
	note={Consulté le },
	howpublished = "\url{}"
}

@misc {
    ref42,
	author={Morony, Josh},
	title={Building a Review App with Ionic 2, MongoDB \& Node},
	month={janvier},
	year={2018},
	note={Consulté le 03.10.2017},
	howpublished = "\url{https://www.joshmorony.com/building-a-review-app-with-ionic-2-mongodb-node/}"
}

@misc {
    ref43,
	author={Morony, Josh},
	title={Creating Role Based Authentication with Passport in Ionic 2 – Part 1},
	month={janvier},
	year={2018},
	note={Consulté le 12.02.2018},
	howpublished = "\url{https://www.joshmorony.com/creating-role-based-authentication-with-passport-in-ionic-2-part-1/}"
}

@misc {
    ref44,
	author={Morony, Josh},
	title={Creating Role Based Authentication with Passport in Ionic 2 – Part 2},
	month={janvier},
	year={2018},
	note={Consulté le 12.02.2018},
	howpublished = "\url{https://www.joshmorony.com/creating-role-based-authentication-with-passport-in-ionic-2-part-2/}"
}

